

@article{boyer_materials_properties_handbook_titanium_alloys,
author = "R. Boyer and G. Welsch and E. W. Collings",
title = "Materials Properties Handbook: Titanium Alloys",
journal = "ASM International",
year = "1994",
}


