
@article{kordes_structureal_heating_experiencs_on_the_x15_airplane,
author = "Eldon E. Kordes and Robert D. Reed and Alpha L. Dawdy",
title  = "Structural Heating Experiences on the X-15 Airplane",
journal= "NASA Technical Memorandum: X-711, 328494",
year   = 1962,
month  = 3,
}
