
@article{cheng_FEM_formulation_for_hypersonic_panel_flutter_analyis_with_thermal_effects,
author = "Guangfeng Cheng and Chuh Mei",
title  = "Finite Element Modal Formulation for Hypersonic Panel Flutter Analysis with Thermal Effects",
journal= "AIAA Journal",
year   = 2004,
month  = 4,
volume = "42",
number = "4",
pages = "687-695",
}
