
@article{clough_automated_wing_internal_structure_placement_guided_by_FEA,
author = "Justin L. Clough and Assad A. Oberai and Andrew J. Zakrajsek",
title  = "Automated Wing Internal Structure Placement Guided by Finite Element Analysis",
journal= "Proceeding of AIAA Aviation",
year   = 2019,
month  = 5,
}
