
@article{culler_impact_of_FTS_coupling_on_response_prediction_hypersonic_skin_panels,
author = "Adam J. Culler and Jack J. McNamara",
title = "Impact of Fluid-Thermal-Structural Coupling on Response Prediction of Hypersonic Skin Panels",
journal = "AIAA Journal",
volume = "49",
number = "11",
year = "2011",
pages = "2393-2406",
}


