
@article{eason_structures_perspective_on_the_challenges_associated_with_analyzing_reuasble_hypersonic_platform,
author = {Thomas G. Eason and  S. Michael Spottswood and Ravi Chona and Ravi Penmetsa},
title = {A Structures Perspective on the Challenges Associated with Analyzing a Reusable Hypersonic Platform},
journal = {54th AIAA/ASME/ASCE/AHS/ASC Structures, Structural Dynamics, and Materials Conference},
year = {2013},
month = "4",
}


