

@article{eckert_engineering_relations_for_heat_transfer_and_friction_in_high_velocity_laminar_and_turbulent_flow,
author = "E.R.G. Eckert",
title = "Engineering Relations for Heat Transfer and Friction in High-Velocity Laminar and Turbulent Boundary-Layer Flow Over Surfaces with Constant Pressure and Temperature",
journal = "Transactions of The ASME",
volume = 78,
number = 6,
year = 1956,
pages = "1273-1283",
}
