
@article{evans_effects_of_alpha_case_formation_on_creep_fracture_properties_of_the_high_temperature_titanium_alloy_IMI834,
author = "R. W. Evans and R. J. Hull and B Wilshire",
title = "The Effects of Alpha-Case Formation on the Creep Fracture Properties of the High-Temperature Titanium Alloy IMI834",
journal = "Journal of Materials Processing Technology",
volume = "56",
year = "1996",
pages = "492-501",
}


