
@article{lafontaine_effects_of_strain_hardeing_on_response_of_skin_panels_in_hypersonic_flow,
author = {LaFontaine, Jonathen H. and Gogulapati, Abhijit and McNamara, Jack J.},
title = {Effects of Strain Hardening on Response of Skin Panels in Hypersonic Flow},
journal = {AIAA Journal},
volume = {54},
number = {6},
pages = {1974-1986},
year = {2016},
month = "4",
}


