
@article{lavina_creep_behavior_of_Ti6Al4V_from_450C_to_600C,
author = "Lavina Badea and Martin Surand and Jacques Ruau and Bernard Viguier",
title = "Creep Behavior of Ti-6Al-4V from 450C to 600C",
journal = "Unveristy Polytechnica of Bucharest Scientific Bulletin, Series B",
volume = "76",
number = "1",
year = "2014",
pages = "185-196",
}


