
@article{li_simulation_of_finite_strain_inelastic_phenomena_governed_by_creep_and_plasticity,
author = "Zhen Li and Max O. Bloomfield and Assad A. Oberai",
title = "Simluation of Finite-Strain Inelastic Phenomena Governed by Creep and Plasticity",
journal = "Computational Mechanics",
volume = "62",
number = "3",
pages = "323-345",
year = "2018",
month = 9,
}

