
@article{mcnamara_aeroelastic_and_aerothermoelastic_analysis_in_hypersonic_flow_past_present_and_future,
author = "McNamara, Jack J. and Friedmann, Peretz P.",
title = "Aeroelastic and Aerothermoelastic Analysis in Hypersonic Flow: Past, Present, and Future",
journal = "AIAA Journal",
volume = "49",
number = "6",
pages = "1089-1122",
year = "2011",

}

