
@article{ mei_review_of_nonlinear_panel_flutter_at_supersonic_and_hypersonic_speeds,
author = "Chuh Mei and K. Abdel-Motagaly and R. Chen",
title  = "Review of Nonlinear Panel Flutter At Supersonic and Hypersonic Speeds",
journal= "CEAS/AIAA/ICASE/NASA Langley International Forum on Aeroelasticity and Structural Dynamics 1999",
year   = 1999,
month  = 6,
pages  = "171-188",
}
