
@article{meijer_generalized_formulation_and_review_of_piston_theory_for_airfoils,
author = "Marius-Corne Meijer and Laurent Dala",
title = "Generalized Formulation and Review of Piston Theory for Airfoils",
journal = "AIAA Journal",
volume = 54,
number = 1,
year = 2016,
pages = "17-27",
}
