
@article{nydick_hypersonic_panel_flutter_studies_on_cruved_panels,
author = {Ira Nydick and Peretz Friedmann and Xaolin Zhong},
title = {Hypersonic panel flutter studies on curved panels},
journal = "36th Structures, Structural Dynamics and Materials Conference",
pages = "2995-3011",
year = "1995",

}

