
@article{plews_a_two_scale_generalized_finite_element_approach_for_modeling_localized_thermoplasticity,
author = "Julia A. Plews and Carlos A. Duarte",
title  = "A Two-Scale Generalized Finite Element Approach For Modeling Localized Thermoplasticity",
journal= "International Journal of Numerical Methods in Engineering",
year   = 2016,
month  = 3,
}
