
@article{riley_interaction_between_aerothermally_compliant_structures_and_boudnary_layer_transition_in_hypersonic_flow,
author = "Zachary B. Riley and McNamara, Jack J.",
title = "Interaction Between Aerothermally Compliant Structures and Boundary Layer Transition in Hypersonic Flow",
journal = "AIAA SciTech Forum: 15th Dynamics Specialists Conference",
year = "2016",
month = "1",
}

