
@book{roylance_mechanics_of_materials_text,
author = "D. K. Roylance",
title = "Mechanics of Materials",
year = 1996,
publisher = "Wiley",
address = "New York, NY",
}
