
@book{SAE_metals_and_alloys_in_the_unified_numbering_system,
author = "Society of Automotive Engineers, Inc.",
title = "Metals and Alloys in the Unified Numbering System",
year = 1999,
edition = "8",
}
