
@article{savino_aerothermodynamic_study_of_ultrahigh_termperature_cermaic_winglet_for_atmospheric_reentry_test,
author = "Raffaele Savino and Mario De Stefano Fumo",
title = "Aerothermodynamic Study of Ultrahigh-Temperature Ceramic Wignlet for Atmospheric Reentry Test",
journal = "Journal of Thermophysics and Heat Transfer",
volume = "22",
number = "4",
pages = "669-676",
year = "2008",

}

