
@article{spottswood_on_the_use_of_reduced_order_models_for_a_shallow_curved_beam_under_combined_loading,
author = "S. M. Spottswood and J.J. Hollkamp and T.G.Eason",
title  = "On The Use of Reduced-order Models for a Shallow Curved Beam Under Combined Loading",
journal= "AIAA Journal",
year   = 2008,
month  = 4,
}
