
@article{spottswood_exploring_the_response_of_a_thin_flexible_panel,
author = "Stephan Michael Spottswood",
title  = "Exploring The Response Of A Thin, Flexible, Panel To Supersonic Trubulent Flow and Shock Boundary-Layer Interactions (SBLI)",
journal= "ARFL-RQ-WP-TR-2018-0088: Final Report",
year   = 2018,
month  = 3,
}
