
@article{thornton_coupled_flow_thermal_and_structural_analysis_of_aerodynamically_heated_panels,
author = "Earl A. Thornton and Pramote Dechaumphai",
title  = "Coupled Flow, Thermal, and Structural Analysis of Aerodynamically Heated Panels",
journal= "Journal of Aircraft",
year   = 1987,
month  = 11,
volume = "25",
number = "11",
pages = "1052-1059",
}
