

@article{walker_falcon_hypersonic_technology_overview,
author = {Steven Walker and Fredrick Rodgers},
title = {Falcon Hypersonic Technology Overview},
journal = {AIAA/CIRA 13th AIAA International Space Planes and Hypersonic Systems and Technologies Conference},
year = 2012,
month = 6,
}
