
@article{walker_falcon_htv_3X_a_resuable_hypersonic_test_bed,
author = {Steven Walker and Ming Tang and Sue Morris and Caesar Mamplata},
title = {Falcon HTV-3X - A Reusable Hypersonic Test Bed},
journal = {15th AIAA International Space Planes and Hypersonic Systems and Technologies Conference},
year = 2012,
month = 6,
}
