
@article{zuchowski_AVIATR_Predictive_capability_for_hypersonic_structural_response_and_life_prediction_phase_II,
author = "Brian Zuchowski",
title  = "Air Vehicle Integration and Technology Research (AVIATR): Delivery Order 0023: Predictive Capability for Hypersonic Structural Response and Life Prediction: Phase II - Detailed Design of Hypersonic Cruise Vehicle Hot-Structure",
journal= "AFRL-RQ-WP-TR-2012-0280",
year   = 2012,
month  = 5,
}
